@misc{Slides1,
    author    = "Christopher Wesley Cleghorn",
    title     = "Lecture 5: Ant Colony Optimisation 1",
    url       = "https://cs.up.ac.za/files/COS710/Download/4652/"
}

@misc{Mazecode,
  author = {Michael Pound},
  title = {mazesolving},
  year = {2017},
  publisher = {GitHub},
  journal = {GitHub repository},
  url = {\url{https://github.com/mikepound/mazesolving}}
}